<?xml version="1.0" encoding="UTF-8"?><collection xmlns="http://www.loc.gov/MARC21/slim"><record><leader>00755nam--2200181-i-4500</leader><controlfield tag="001">000013152</controlfield><controlfield tag="002">20161230</controlfield><controlfield tag="005">20161230201030</controlfield><controlfield tag="008">060222s1000------------r-----000-0-eng-d</controlfield><datafield ind1=" " ind2=" " tag="040"><subfield code="a">IFIN-HH</subfield></datafield><datafield ind1=" " ind2=" " tag="080"><subfield code="a">539.12</subfield></datafield><datafield ind1="1" ind2=" " tag="100"><subfield code="a">Nikolic, M</subfield></datafield><datafield ind1="1" ind2="0" tag="245"><subfield code="a">Tepp. text book on elementary particle physics manuel de physique des particules. kinematics and symmetries, cinematique et symetrie</subfield><subfield code="b">This book was evolved from lectures presented at the international school of elementary particle physics, basko polje &amp; kupari (yugoslavia)</subfield><subfield code="c">M. nikolic (ed.)</subfield></datafield><datafield ind1=" " ind2=" " tag="260"><subfield code="a">Paris</subfield><subfield code="b">Institut National De Physique Nucleaire Et De Physique Des Particules</subfield><subfield code="c">1979</subfield></datafield><datafield ind1=" " ind2=" " tag="300"><subfield code="a">2 VOLUME</subfield></datafield><datafield ind1="1" ind2=" " tag="787"><subfield code="a">Tome 2</subfield><subfield code="h">Vi+299p</subfield></datafield><datafield ind1=" " ind2=" " tag="852"><subfield code="a">48370</subfield><subfield code="c">539.12</subfield></datafield><datafield ind1=" " ind2=" " tag="CAT"><subfield code="a">Sys</subfield><subfield code="c">20111207</subfield><subfield code="h">115530</subfield></datafield></record></collection>